@book{DEusingCCpp,
    author="Tanenbaum, Langsam, Augenstein",
    title="Data Structures using C and C++",
}
