@article{hall2013,author="David Corzo",title="latex",journal="Computer",volume="19",pages="100-100",year="2013"}

@book{smith2012, author="David Corzo", pages="500", publisher="PubCo.",location="Guatemala",title="a super book",year="2012"}

@misc{latex, title="latex a document preparation", howpublished="https://www.latex-project.org/"}

