@book{
author="David Corzo",
year="2019",
pages="100-100"
}

@article{