@article{article1,
author="David Corzo and others",
title="A good article",
journal="Computer",
volume="208",
number="10",
pages="100-100",
year=2019"
}

@book{book2,
author="Tom Smith",
pages="500"
publisher="PubCo",
location="FL Orlando",
year="2019"
}

@misc{misc3,
title="LaTeX - A document preparation system",
howpublished="http://www.latex-project.org/"
}

